@article{bubeck2012regret,
  title={Regret analysis of stochastic and nonstochastic multi-armed bandit problems},
  author={Bubeck, S{\'e}bastien and Cesa-Bianchi, Nicolo and others},
  journal={Foundations and Trends{\textregistered} in Machine Learning},
  volume={5},
  number={1},
  pages={1--122},
  year={2012},
  publisher={Now Publishers, Inc.}
}

@article{lattimore2017scale,
      title={A Scale Free Algorithm for Stochastic Bandits with Bounded Kurtosis}, 
      author={Tor Lattimore},
      year={2017},
      eprint={1703.08937},
      archivePrefix={arXiv},
      primaryClass={stat.ML}
}


@inproceedings{carpentierExtreme,
  TITLE = {{Extreme bandits}},
  AUTHOR = {Carpentier, Alexandra and Valko, Michal},
  BOOKTITLE = {{Neural Information Processing Systems}},
  ADDRESS = {Montr{\'e}al, Canada},
  YEAR = {2014},
  MONTH = Dec,
  PDF = {https://hal.inria.fr/hal-01079354v2/file/carpentier2014extreme.pdf},
  HAL_ID = {hal-01079354},
  HAL_VERSION = {v2},
}


@incollection{mandelbrot1997variation,
	title={The variation of certain speculative prices},
	author={Mandelbrot, Benoit B},
	booktitle={Fractals and scaling in finance},
	year={1997},
	publisher={Springer}
}


@inproceedings{agrawal2020optimal,
	author    = {Shubhada Agrawal and
	Sandeep Juneja and
	Peter W. Glynn},
	title     = {Optimal {\textdollar}{\(\delta\)}{\textdollar}-Correct Best-Arm Selection
	for Heavy-Tailed Distributions},
	booktitle = {Algorithmic Learning Theory, {ALT} 2020, 8-11 February 2020, San Diego,
	CA, {USA}},
	year      = {2020}
}

@inproceedings{agrawal2021regret,
	author    = {Shubhada Agrawal and
	Sandeep Juneja and
	Wouter M. Koolen},
	title     = {Regret Minimization in Heavy-Tailed Bandits},
	booktitle = {Conference on Learning Theory, {COLT} 2021, 15-19 August 2021, Boulder,
	Colorado, {USA}},
	year      = {2021}
}


@article{kagrecha20riskconstrained,
  author    = {Anmol Kagrecha and
               Jayakrishnan Nair and
               Krishna P. Jagannathan},
  title     = {Constrained regret minimization for multi-criterion multi-armed bandits},
  year      = {2020}
}


@article{prashanth2019concentration,
	title={Concentration bounds for CVaR estimation: The cases of light-tailed and heavy-tailed distributions},
	author={Prashanth L, A and Jagannathan, Krishna and Kolla, Ravi Kumar},
	journal={International Conference on Machine Learning},
	year={2019}
}

@book{dowd2007measuring,
	title={Measuring market risk},
	author={Dowd, Kevin},
	year={2007},
	publisher={John Wiley \& Sons}
}

@book{fiacco90,
	title={Sensitivity and stability analysis for nonlinear programming},
	author={Fiacco, Anthony V and Ishizuka, Yo},
	year={1990},
	publisher={Annals of Operations Research, 27(1):215–235}
}

@inproceedings{szorenyi2015qualitative,
	title={Qualitative multi-armed bandits: A quantile-based approach},
	author={Szorenyi, Balazs and Busa-Fekete, R{\'o}bert and Weng, Paul and H{\"u}llermeier, Eyke},
	booktitle={International Conference on Machine Learning},
	year={2015},
	}

@InProceedings{agrawal13optTS,
  Title                    = {{Further Optimal Regret Bounds for Thompson Sampling}},
  Author                   = {Agrawal, S. and Goyal, N.},
  Booktitle                = {{Proceedings of the 16th Conference on Artificial Intelligence and Statistics}},
  Year                     = {2013}
}

@InProceedings{korda13TSexp,
  Title                    = {{Thompson} Sampling for one-dimensional Exponential family bandits},
  Author                   = {Korda, N. and Kaufmann, E. and Munos, R.},
  Booktitle                = {{Advances in Neural Information Processing Systems}},
  Year                     = {2013}
}

@article{howard2019sequential,
	title={Sequential estimation of quantiles with applications to A/B-testing and best-arm identification},
	author={Howard, Steven R and Ramdas, Aaditya},
	journal={arXiv preprint arXiv:1906.09712},
	year={2019}
}

@article{torossian2019x,
	title={X-Armed Bandits: Optimizing Quantiles, CVaR and Other Risks},
	author={Torossian, L{\'e}onard and Garivier, Aur{\'e}lien and Picheny, Victor},
	journal={arXiv preprint arXiv:1904.08205},
	year={2019}
}

@inproceedings{galichet2013exploration,
	title={Exploration vs exploitation vs safety: Risk-aware multi-armed bandits},
	author={Galichet, Nicolas and Sebag, Michele and Teytaud, Olivier},
	booktitle={Asian Conference on Machine Learning},
	year={2013}
}

@phdthesis{galichet2015contributions,
	title={Contributions to multi-armed bandits: Risk-awareness and sub-sampling for linear contextual bandits},
	author={Galichet, Nicolas},
	year={2015}
}

@inproceedings{tamkindistributionally,
	title={Distributionally-Aware Exploration for CVaR Bandits},
	author={Tamkin, Alex and Keramati, Ramtin and Dann, Christoph and Brunskill, Emma},
	booktitle={NeurIPS 2019 Workshop on Safety and Robustness in Decision Making; RLDM 2019},
	year={2020}
}

@article{khajonchotpanya2020revised,
	title={A Revised Approach for Risk-Averse Multi-Armed Bandits under CVaR Criterion},
	author={Khajonchotpanya, Najakorn and Yilin, Xue and Rujeerapaiboon, Napat},
	year={2020}
}

@incollection{broda2011expected,
	title={Expected shortfall for distributions in finance},
	author={Broda, Simon A and Paolella, Marc S},
	booktitle={Statistical tools for finance and insurance},
	year={2011},
	publisher={Springer}
}

@article{rockafellar2000optimization,
	title={Optimization of conditional value-at-risk},
	author={Rockafellar, R Tyrrell and Uryasev, Stanislav and others},
	journal={Journal of risk},
	volume={2},
	pages={21--42},
	year={2000},
}

@article{acerbi2002coherence,
	title={On the coherence of expected shortfall},
	author={Acerbi, Carlo and Tasche, Dirk},
	journal={Journal of Banking \& Finance},
	volume={26},
	pages={1487--1503},
	year={2002}
}

@InProceedings{thomas_concentration, 
	title = {Concentration Inequalities for Conditional Value at Risk}, 
	author = {Thomas, Philip and Learned-Miller, Erik},
	year = {2019},
	booktitle = {International Conference on Machine Learning}, 
}

@article{russo18survey,
  author    = {Daniel Russo and
               Benjamin Van Roy and
               Abbas Kazerouni and
               Ian Osband and
               Zheng Wen},
  title     = {A Tutorial on Thompson Sampling},
  journal   = {Foundations and Trends in Machine Learning},
  volume    = {11},
  pages     = {1--96},
  year      = {2018}
}

@article{brown_ineq,
	author    = {Brown, David},
	title     = {Large deviations bounds for estimating conditional value-at-risk},
	journal   = {Oper. Res. Lett.},
	volume    = {35},
	pages     = {722--730},
	year      = {2007}
}

@article{artzner,
	author = {Artzner, Philippe and Delbaen, Freddy and Eber, Jean-Marc and Heath, David},
	title = {Coherent Measures of Risk},
	journal = {Mathematical Finance},
	volume = {9},
	pages = {203-228},
	year = {1999}
}

@article{massart1990,
	title={The tight constant in the {Dvoretzky}-{Kiefer}-{Wolfowitz} inequality},
	author={Massart, Pascal},
	journal={The annals of Probability},
	pages={1269--1283},
	year={1990},
	publisher={JSTOR}
}

@inproceedings{cassel,
	author    = {Asaf Cassel and
	Shie Mannor and
	Assaf Zeevi},
	title     = {A General Approach to Multi-Armed Bandits Under Risk Criteria},
	booktitle = {Proceedings of the 31st Annual Conference On Learning Theory},
	year      = {2018},
	}

@inproceedings{sani_mv,
	author    = {Amir Sani and
	Alessandro Lazaric and
	R{\'{e}}mi Munos},
	title     = {Risk-Aversion in Multi-armed Bandits},
	booktitle = {Advances in Neural Information Processing Systems},
	year      = {2012}
}

@article{vakiliZ16,
	author    = {Sattar Vakili and
	Qing Zhao},
	title     = {Risk-Averse Multi-Armed Bandit Problems Under Mean-Variance Measure},
	journal   = {{IEEE} J. Sel. Top. Signal Process.},
	volume    = {10},
	pages     = {1093--1111},
	year      = {2016},
}

@article{zimin_ra,
	author    = {Alexander Zimin and
	Rasmus Ibsen{-}Jensen and
	Krishnendu Chatterjee},
	title     = {Generalized Risk-Aversion in Stochastic Multi-Armed Bandits},
	journal   = {CoRR},
	volume    = {abs/1405.0833},
	year      = {2014}
}

@INPROCEEDINGS{vakili2,
	author={S. {Vakili} and Q. {Zhao}},
	booktitle={2015 53rd Annual Allerton Conference on Communication, Control, and Computing (Allerton)}, 
	title={Mean-variance and value at risk in multi-armed bandit problems}, 
	year={2015}}

@inproceedings{oda_raucb,
	author    = {Odalric{-}Ambrym },
	title     = {Robust Risk-Averse Stochastic Multi-armed Bandits},
	booktitle = {Algorithmic Learning Theory - 24th International Conference, {ALT}},
	year      = {2013}
}

@article{MVTS,
	author    = {Qiuyu Zhu and
	Vincent Y. F. Tan},
	title     = {Thompson Sampling Algorithms for Mean-Variance Bandits},
	journal   = {CoRR},
	volume    = {abs/2002.00232},
	year      = {2020}
}

@book{berge1997topological,
	title={Topological Spaces: including a treatment of multi-valued functions, vector spaces, and convexity},
	author={Berge, Claude},
	year={1997}
}

%%% Additional ref post rebuttal

@inproceedings{cvar_conc_wasserstein,
	author = {Sanjay P. Bhat and Prashanth L.A.},
	booktitle = {Advances in Neural Information Processing Systems},
	title = {Concentration of risk measures: A Wasserstein distance approach},
	year = {2019}
}

@inproceedings{KagrechaNJ19,
	author    = {Anmol Kagrecha and
	Jayakrishnan Nair and
	Krishna P. Jagannathan},
	title     = {Distribution oblivious, risk-aware algorithms for multi-armed bandits
	with unbounded rewards},
	booktitle = {Advances in Neural Information Processing Systems},
	year      = {2019},
}

@inproceedings{cvar_conc_prashanth,
	author    = {Prashanth, L. A. and Krishna, P. and Jagannathan and Ravi Kumar Kolla},
	title     = {Concentration bounds for CVaR estimation:
	The cases of light-tailed and heavy-tailed distributions},
	booktitle = {International Conference on Machine Learning},
	year = {2020}
}

@inproceedings{pac_bayes_bound,
	author = {Mhammedi, Zak and Guedj, Benjamin and Williamson, Robert},
	year = {2020},
	title = {PAC-Bayesian Bound for the Conditional Value at Risk},
	booktitle = {Advances in Neural Information Processing Systems}	
}

@misc{holland2020learning,
	title={Learning with CVaR-based feedback under potentially heavy tails}, 
	author={Matthew J. Holland and El Mehdi Haress},
	year={2020},
	eprint={2006.02001},
	archivePrefix={arXiv},
	primaryClass={stat.ML}
}

@misc{chang2020riskconstrained,
	title={Risk-Constrained Thompson Sampling for CVaR Bandits}, 
	author={Joel Q. L. Chang and Qiuyu Zhu and Vincent Y. F. Tan},
	year={2020},
	eprint={2011.08046},
	archivePrefix={arXiv},
	primaryClass={cs.LG}
}

@article{richardson1984wgen,
	title={WGEN: A model for generating daily weather variables},
	author={Richardson, Clarence W and Wright, David A},
	journal={ARS (USA)},
	year={1984},
	publisher={US Dept. of Agriculture, Agricultural Research Service}
}

@article{evans2017data,
	title={From data to decisions: helping crop producers build their actionable knowledge},
	author={Evans, Katherine J and Terhorst, Andrew and Kang, Byeong Ho},
	journal={Critical reviews in plant sciences},
	volume={36},
	number={2},
	pages={71--88},
	year={2017},
	publisher={Taylor \& Francis}
}

@article{hoogenboom2019dssat,
	title={The DSSAT crop modeling ecosystem},
	author={Hoogenboom, G and Porter, CH and Boote, KJ and Shelia, V and Wilkens, PW and Singh, U and White, JW and Asseng, S and Lizaso, JI and Moreno, LP and others},
	journal={Advances in crop modelling for a sustainable agriculture},
	pages={173--216},
	year={2019},
	publisher={Burleigh Dodds Science Publishing Cambridge, UK}
}

@article{cerf2006outils,
	title={Les outils de pilotage des cultures: diversit{\'e} de leurs usages et enseignements pour leur conception},
	author={Cerf, Marianne and Meynard, Jean-Marc},
	journal={Natures Sciences Soci{\'e}t{\'e}s},
	volume={14},
	number={1},
	pages={19--29},
	year={2006},
	publisher={EDP Sciences}
}

@article{hochman2011emerging,
	title={Emerging consensus on desirable characteristics of tools to support farmers’ management of climate risk in Australia},
	author={Hochman, Zvi and Carberry, PS},
	journal={Agricultural Systems},
	volume={104},
	number={6},
	pages={441--450},
	year={2011},
	publisher={Elsevier}
}

@article{evans1999yield,
	title={Yield potential: its definition, measurement, and significance},
	author={Evans, LT and Fischer, RA},
	journal={Crop science},
	volume={39},
	number={6},
	pages={1544--1551},
	year={1999},
	publisher={Wiley Online Library}
}

@article{tollenaar2002yield,
	title={Yield potential, yield stability and stress tolerance in maize},
	author={Tollenaar, M and Lee, EA},
	journal={Field crops research},
	volume={75},
	number={2-3},
	pages={161--169},
	year={2002},
	publisher={Elsevier}
}

@article{paris1992return,
	title={The Return of von Liebig's “Law of the Minimum”},
	author={Paris, Q},
	journal={Agronomy Journal},
	volume={84},
	number={6},
	pages={1040--1046},
	year={1992},
	publisher={Wiley Online Library}
}


@article{mccown2002changing,
  title={Changing systems for supporting farmers' decisions: problems, paradigms, and prospects},
  author={McCown, Robert L},
  journal={Agricultural systems},
  volume={74},
  number={1},
  pages={179--220},
  year={2002},
  publisher={Elsevier}
}

@article{shiferaw2011crops,
  title={Crops that feed the world 6. Past successes and future challenges to the role played by maize in global food security},
  author={Shiferaw, Bekele and Prasanna, Boddupalli M and Hellin, Jonathan and B{\"a}nziger, Marianne},
  journal={Food security},
  volume={3},
  number={3},
  pages={307--327},
  year={2011},
  publisher={Springer}
}

%note: j'ai changé car je ne vois pas le and others dans la version published du papier/
@article{chan2020multi,
	title={The multi-armed bandit problem: An efficient nonparametric solution},
	author={Chan, Hock Peng},
	journal={The Annals of Statistics},
	volume={48},
	number={1},
	pages={346--373},
	year={2020},
	publisher={Institute of Mathematical Statistics}
}


@article{hadiji2020adaptation,
	title={Adaptation to the Range in $ K $-Armed Bandits},
	author={Hadiji, H{\'e}di and Stoltz, Gilles},
	journal={arXiv preprint arXiv:2006.03378},
	year={2020}
}

@book{BanditBook,
	title={Bandit algorithms},
	author={Lattimore, Tor and Szepesv{\'a}ri, Csaba},
	year={2020},
	publisher={Cambridge University Press}
}

@article{agrawal95,
	title={Sample mean based index policies with O (log n) regret for the multi-armed bandit problem},
	author={Agrawal, Rajeev},
	journal={Advances in Applied Probability},
	pages={1054--1078},
	year={1995},
	publisher={JSTOR}
}

@article{auer2002finite,
	title={Finite-time analysis of the multiarmed bandit problem},
	author={Auer, Peter and Cesa-Bianchi, Nicolo and Fischer, Paul},
	journal={Machine learning},
	volume={47},
	number={2},
	pages={235--256},
	year={2002},
	publisher={Springer}
}

@article{KL_UCB,
	title={{Kullback}-{Leibler} Upper Confidence Bounds for Optimal Sequential Allocation},
	author={Capp{\'e}, Olivier and Garivier, Aur{\'e}lien and Maillard, Odalric-Ambrym and Munos, R{\'e}mi and Stoltz, Gilles},
	journal={Annals of Statistics},
	volume={41},
	number={3},
	pages={1516--1541},
	year={2013}
}

@article{TS_1933,
	title={On the likelihood that one unknown probability exceeds another in view of the evidence of two samples},
	author={Thompson, William R},
	journal={Biometrika},
	volume={25},
	number={3/4},
	pages={285--294},
	year={1933},
	publisher={JSTOR}
	}

@inproceedings{TS12AG,
	author    = {Shipra Agrawal and
	Navin Goyal},
	title     = {Analysis of {Thompson} Sampling for the Multi-armed Bandit Problem},
	booktitle = {Proceedings of the 25th Annual Conference on Learning Theory},
	year      = {2012}
}

@article{LaiRobbins85,
	title={Asymptotically efficient adaptive allocation rules},
	author={Lai, Tze Leung and Robbins, Herbert},
	journal={Advances in applied mathematics},
	volume={6},
	number={1},
	pages={4--22},
	year={1985},
	publisher={Academic Press}
}


@article{Honda15IMED,
	title={Non-asymptotic analysis of a new bandit algorithm for semi-bounded rewards.},
	author={Honda, Junya and Takemura, Akimichi},
	journal={J. Mach. Learn. Res.},
	volume={16},
	pages={3721--3756},
	year={2015}
}


@inproceedings{HondaTakemura10,
	title={An Asymptotically Optimal Bandit Algorithm for Bounded Support Models.},
	author={Honda, Junya and Takemura, Akimichi},
	booktitle={COLT},
	pages={67--79},
	year={2010},
}

@article{Garivier18KLUCBSwitch,
	author    = {Aur{\'{e}}lien Garivier and
	H{\'{e}}di Hadiji and
	Pierre M{\'{e}}nard and
	Gilles Stoltz},
	title     = {KL-UCB-switch: optimal regret bounds for stochastic bandits from both
	a distribution-dependent and a distribution-free viewpoints},
	journal   = {arXiv:1805.05071},
	year      = {2018}
}

@inproceedings{RiouHonda20,
	title={Bandit algorithms based on {Thompson} sampling for bounded reward distributions},
	author={Riou, Charles and Honda, Junya},
	booktitle={Algorithmic Learning Theory},
	pages={777--826},
	year={2020},
	organization={PMLR}
}

@article{menard_asymp,
	author    = {Aur{\'{e}}lien Garivier and
	Pierre M{\'{e}}nard and
	Gilles Stoltz},
	title     = {Explore First, Exploit Next: The True Shape of Regret in Bandit Problems},
	journal   = {Math. Oper. Res.},
	volume    = {44},
	pages     = {377--399},
	year      = {2019}
}

@article{mannor_2004,
	author    = {Shie Mannor and
	John N. Tsitsiklis},
	title     = {The Sample Complexity of Exploration in the Multi-Armed Bandit Problem},
	journal   = {J. Mach. Learn. Res.},
	volume    = {5},
	pages     = {623--648},
	year      = {2004}
}

@article{burnetas96LB,
	title={Optimal adaptive policies for sequential allocation problems},
	author={Burnetas, Apostolos N and Katehakis, Michael N},
	journal={Advances in Applied Mathematics},
	volume={17},
	number={2},
	pages={122--142},
	year={1996},
	publisher={Elsevier}
}

@inproceedings{TS_Emilie,
	author    = {Emilie Kaufmann and
	Nathaniel Korda and
	R{\'{e}}mi Munos},
	title     = {Thompson Sampling: An Asymptotically Optimal Finite-Time Analysis},
	booktitle ={Algorithmic Learning Theory - 23rd International Conference, {ALT}
	2012},
	year      = {2012}
}

@inproceedings{Giro,
	title={Garbage in, reward out: Bootstrapping exploration in multi-armed bandits},
	author={Kveton, Branislav and Szepesvari, Csaba and Vaswani, Sharan and Wen, Zheng and Lattimore, Tor and Ghavamzadeh, Mohammad},
	booktitle={International Conference on Machine Learning},
	pages={3601--3610},
	year={2019},
	organization={PMLR}
}


@inproceedings{Boot_UCB,
	title={Bootstrapping Upper Confidence Bound},
	author={Botao Hao and Yasin Abbasi-Yadkori and Zheng Wen and Guang Cheng},
	booktitle={Advances in Neural Information Processing Systems},
	year={2019}
}

@inproceedings{AOKLUCB,
	author    = {Aur{\'{e}}lien Garivier and
	Olivier Capp{\'{e}}},
	title     = {The {KL-UCB} Algorithm for Bounded Stochastic Bandits and Beyond},
	booktitle = {24th Annual Conference on Learning Theory (COLT)},
	year      = {2011},
}

@article{Osband_BTS,
	author    = {Ian Osband and
	Benjamin Van Roy},
	title     = {Bootstrapped {Thompson} Sampling and Deep Exploration},
	journal   = {CoRR},
	volume    = {abs/1507.00300},
	year      = {2015},
	archivePrefix = {arXiv},
	eprint    = {1507.00300},
}

@inproceedings{PHE,
	author    = {Branislav Kveton and
	Csaba Szepesv{\'{a}}ri and
	Mohammad Ghavamzadeh and
	Craig Boutilier},
	title     = {Perturbed-History Exploration in Stochastic Multi-Armed Bandits},
	booktitle = {Proceedings of the Twenty-Eighth International Joint Conference on
	Artificial Intelligence, {IJCAI} 2019},
	year      = {2019},
}

@article{Reboot,
	title={Residual bootstrap exploration for bandit algorithms},
	author={Wang, Chi-Hua and Yu, Yang and Hao, Botao and Cheng, Guang},
	journal={arXiv preprint arXiv:2002.08436},
	year={2020}
	}

@inproceedings{BESA,
	title={Sub-sampling for Multi-armed Bandits},
	author={Baransi, Akram and Maillard, Odalric-Ambrym and Mannor, Shie},
	booktitle={Proceedings of the European Conference on Machine Learning},
	pages={13},
	year={2014}
}

@inproceedings{SDA,
	title={Sub-sampling for Efficient Non-Parametric Bandit Exploration},
	author={Baudry, Dorian and Kaufmann, Emilie and Maillard, Odalric-Ambrym},
	booktitle={Advances in Neural Information Processing Systems},
	year={2020}
}

@inproceedings{ashutosh2021bandit,
	title={Bandit algorithms: Letting go of logarithmic regret for statistical robustness},
	author={Ashutosh, Kumar and Nair, Jayakrishnan and Kagrecha, Anmol and Jagannathan, Krishna},
	booktitle={International Conference on Artificial Intelligence and Statistics},
	pages={622--630},
	year={2021},
	organization={PMLR}
}


@book{villani2008optimal,
  title={Optimal transport: old and new},
  author={Villani, C{\'e}dric},
  volume={338},
  year={2008},
  publisher={Springer Science \& Business Media}
}

@book{large_deviation_book,
	author = {Dembo, Amir and Zeitouni, Ofer},
	year = {2010},
	title = {Large Deviations Techniques and Applications},
	volume = {95},
	journal = {Journal of the American Statistical Association},
}

@article{volume_simplex_clipped,
	title={The volume of simplices clipped by a half space},
	author={Cho, Yunhi and Cho, Eungchun},
	journal={Applied mathematics letters},
	volume={14},
	number={6},
	pages={731--735},
	year={2001},
	publisher={Elsevier}
}

@article{bubeck_heavy,
	title={Bandits with heavy tail},
	author={Bubeck, S{\'e}bastien and Cesa-Bianchi, Nicolo and Lugosi, G{\'a}bor},
	journal={IEEE Transactions on Information Theory},
	volume={59},
	number={11},
	pages={7711--7717},
	year={2013},
	publisher={IEEE}
}

@article{fournier_wasserstein,
	TITLE = {{On the rate of convergence in Wasserstein distance of the empirical measure}},
	AUTHOR = {Fournier, Nicolas and Guillin, Arnaud},
	JOURNAL = {{Probability Theory and Related Fields}},
	PUBLISHER = {{Springer Verlag}},
	VOLUME = {162},
	NUMBER = {3-4},
	PAGES = {707},
	YEAR = {2015},
	MONTH = Aug,
	KEYWORDS = {Empirical measure ; Sequence of i.i.d. random variables ; Wasserstein distance ; Concentration inequalities ; Quantization ; Markov chains},
	PDF = {https://hal.archives-ouvertes.fr/hal-00915365/file/fournier-guillin-wass.pdf},
	HAL_ID = {hal-00915365},
	HAL_VERSION = {v1},
}

@inproceedings{wasserstein_cvar,
	author = {Bhat, Sanjay P. and L.A., Prashanth},
	booktitle = {Advances in Neural Information Processing Systems},
	editor = {H. Wallach and H. Larochelle and A. Beygelzimer and F. d\textquotesingle Alch\'{e}-Buc and E. Fox and R. Garnett},
	pages = {},
	publisher = {Curran Associates, Inc.},
	title = {Concentration of risk measures: A Wasserstein distance approach},
	volume = {32},
	year = {2019}
}

@book{boucheron_concentration,
	TITLE = {{Concentration inequalities : a non asymptotic theory of independence}},
	AUTHOR = {Boucheron, St{\'e}phane and Lugosi, Gabor and Massart, Pascal},
	PUBLISHER = {{Oxford University Press}},
	PAGES = {481},
	YEAR = {2013},
	HAL_ID = {hal-00942704},
	HAL_VERSION = {v1},
}


@InProceedings{baudry21a,
	title = 	 {Optimal Thompson Sampling strategies for support-aware CVaR bandits},
	author =       {Baudry, Dorian and Gautron, Romain and Kaufmann, Emilie and Maillard, Odalric},
	year = 	 {2021},
	series = 	 {Proceedings of Machine Learning Research},
	publisher =    {PMLR},
}

@inproceedings{lbsda,
	TITLE = {{On Limited-Memory Subsampling Strategies for Bandits}},
	AUTHOR = {Baudry, Dorian and Russac, Yoan and Capp{\'e}, Olivier},
	BOOKTITLE = {{ICML 2021- International Conference on Machine Learning}},
	ADDRESS = {Vienna / Virtual, Austria},
	YEAR = {2021},
	MONTH = Jul,
	PDF = {https://hal.archives-ouvertes.fr/hal-03265442/file/main.pdf},
	HAL_ID = {hal-03265442},
	HAL_VERSION = {v1},
}


@inproceedings{baudry21DS,
	author = {Baudry, Dorian and Saux, Patrick and Maillard, Odalric-Ambrym},
	booktitle = {Advances in Neural Information Processing Systems},
	title = {From Optimality to Robustness: Adaptive Re-Sampling Strategies in Stochastic Bandits},
    year = {2021}
}


@inproceedings{jun2022,
	author    = {Jie Bian and
	Kwang{-}Sung Jun},
	title     = {Maillard Sampling: Boltzmann Exploration Done Optimally},
	booktitle   = {Proceedings of the 25th International Conference on Artificial Intelligence
	and Statistics, {AISTATS} 2022},
	year      = {2022},
}


@article{honda11MED,
	author    = {Junya Honda and
	Akimichi Takemura},
	year = {2011},
	title     = {An asymptotically optimal policy for finite support models in the
	multiarmed bandit problem},
	journal   = {Mach. Learn.}
}

@inproceedings{honda14,
	author = {Junya Honda and Akimichi Takemura},
	title  = {Optimality of Thompson Sampling for Gaussian Bandits Depends on Priors},
	booktitle = {Proceedings of the Seventeenth International Conference on Artificial Intelligence and Statistics, {AISTATS} 2014, Reykjavik, Iceland, April 22-25, 2014},
	year = {2014}
}

@article{kaufmann_bayesucb,
	author = {Emilie Kaufmann},
	title = {{On Bayesian index policies for sequential resource allocation}},
	volume = {46},
	journal = {The Annals of Statistics},
	number = {2},
	publisher = {Institute of Mathematical Statistics},
	pages = {842 -- 865},
	keywords = {Bayesian methods, Gittins indices, Multi-armed bandit problems, upper-confidence bounds},
	year = {2018}
}


@inproceedings{kaufmann_bayesucb2012,
	author    = {Emilie Kaufmann and
	Olivier Capp{\'{e}} and
	Aur{\'{e}}lien Garivier},
	editor    = {Neil D. Lawrence and
	Mark A. Girolami},
	title     = {On Bayesian Upper Confidence Bounds for Bandit Problems},
	booktitle = {Proceedings of the Fifteenth International Conference on Artificial
	Intelligence and Statistics, {AISTATS} 2012, La Palma, Canary Islands,
	Spain, April 21-23, 2012},
	series    = {{JMLR} Proceedings},
	volume    = {22},
	pages     = {592--600},
	publisher = {JMLR.org},
	year      = {2012}
}


@article{jin22expTS,
	author    = {Tianyuan Jin and
	Pan Xu and
	Xiaokui Xiao and
	Anima Anandkumar},
	title     = {Finite-Time Regret of Thompson Sampling Algorithms for Exponential
	Family Multi-Armed Bandits},
	journal   = {CoRR},
	volume    = {abs/2206.03520},
	year      = {2022}
}



@inproceedings{pesquerel21,
	author    = {Fabien Pesquerel and
	Hassan Saber and
	Odalric{-}Ambrym Maillard},
	title     = {Stochastic bandits with groups of similar arms},
	booktitle = {Advances in Neural Information Processing Systems 34: Annual Conference
	on Neural Information Processing Systems 2021, NeurIPS 2021, December
	6-14, 2021, virtual},
	year      = {2021}
}


@inproceedings{tiapkin2022,
	author    = {Daniil Tiapkin and
	Denis Belomestny and
	Eric Moulines and
	Alexey Naumov and
	Sergey Samsonov and
	Yunhao Tang and
	Michal Valko and
	Pierre M{\'{e}}nard},
	title     = {From Dirichlet to Rubin: Optimistic Exploration in {RL} without Bonuses},
	booktitle = {International Conference on Machine Learning, {ICML} 2022, 17-23 July
	2022, Baltimore, Maryland, {USA}},
	year      = {2022}
 }


@misc{baudry2023general,
      title={A General Recipe for the Analysis of Randomized Multi-Armed Bandit Algorithms}, 
      author={Dorian Baudry and Kazuya Suzuki and Junya Honda},
      year={2023},
      eprint={2303.06058},
      archivePrefix={arXiv},
      primaryClass={cs.LG}
}

@article{hazan16,
  author       = {Elad Hazan},
  title        = {Introduction to Online Convex Optimization},
  journal      = {Found. Trends Optim.},
  volume       = {2},
  number       = {3-4},
  pages        = {157--325},
  year         = {2016},
  url          = {https://doi.org/10.1561/2400000013},
  doi          = {10.1561/2400000013},
  timestamp    = {Thu, 02 Apr 2020 08:34:29 +0200},
  biburl       = {https://dblp.org/rec/journals/ftopt/Hazan16.bib},
  bibsource    = {dblp computer science bibliography, https://dblp.org}
}

@inproceedings{tsai2023online,
  title={Online Self-Concordant and Relatively Smooth Minimization, With Applications to Online Portfolio Selection and Learning Quantum States},
  author={Tsai, Chung-En and Cheng, Hao-Chung and Li, Yen-Huan},
  booktitle={International Conference on Algorithmic Learning Theory},
  pages={1481--1483},
  year={2023},
  organization={PMLR}
}

@article{cover1991universal,
  title={Universal portfolios},
  author={Cover, Thomas M},
  journal={Mathematical finance},
  volume={1},
  number={1},
  pages={1--29},
  year={1991},
  publisher={Wiley Online Library}
}

@article{cover1996universal,
  title={Universal portfolios with side information},
  author={Cover, Thomas M and Ordentlich, Erik},
  journal={IEEE Transactions on Information Theory},
  volume={42},
  number={2},
  pages={348--363},
  year={1996},
  publisher={IEEE}
}

@article{kalai2002efficient,
  title={Efficient algorithms for universal portfolios},
  author={Kalai, Adam Tauman and Vempala, Santosh},
  journal={Journal of Machine Learning Research},
  pages={423--440},
  year={2002}
}

@article{helmbold1998line,
  title={On-line portfolio selection using multiplicative updates},
  author={Helmbold, David P and Schapire, Robert E and Singer, Yoram and Warmuth, Manfred K},
  journal={Mathematical Finance},
  volume={8},
  number={4},
  pages={325--347},
  year={1998},
  publisher={Wiley Online Library}
}

@inproceedings{orseau2017soft,
  title={Soft-bayes: Prod for mixtures of experts with log-loss},
  author={Orseau, Laurent and Lattimore, Tor and Legg, Shane},
  booktitle={International Conference on Algorithmic Learning Theory},
  pages={372--399},
  year={2017},
  organization={PMLR}
}

@inproceedings{zimmert2022pushing,
  title={Pushing the efficiency-regret Pareto frontier for online learning of portfolios and quantum states},
  author={Zimmert, Julian and Agarwal, Naman and Kale, Satyen},
  booktitle={Conference on Learning Theory},
  pages={182--226},
  year={2022},
  organization={PMLR}
}

@article{guzman2021best,
  title={Best-case lower bounds in online learning},
  author={Guzm{\'a}n, Crist{\'o}bal and Mehta, Nishant and Mortazavi, Ali},
  journal={Advances in Neural Information Processing Systems},
  volume={34},
  pages={21923--21934},
  year={2021}
}

@article{gofer2016lower,
  title={Lower bounds on individual sequence regret},
  author={Gofer, Eyal and Mansour, Yishay},
  journal={Machine Learning},
  volume={103},
  pages={1--26},
  year={2016},
  publisher={Springer}
}

@inproceedings{pesquerel2022imed,
  title={IMED-RL: Regret optimal learning of ergodic Markov decision processes},
  author={Pesquerel, Fabien and Maillard, Odalric-Ambrym},
  booktitle={NeurIPS 2022-Thirty-sixth Conference on Neural Information Processing Systems},
  year={2022}
}

@inproceedings{jourdan2022top,
  title={Top Two Algorithms Revisited},
  author={Jourdan, Marc and Degenne, R{\'e}my and Baudry, Dorian and de Heide, Rianne and Kaufmann, Emilie},
  booktitle={NeurIPS 2022-36th Conference on Neural Information Processing System},
  year={2022}
}
@article{sinha2023banditq,
  title={BanditQ--No-Regret Learning with Guaranteed Per-User Rewards in Adversarial Environments},
  author={Sinha, Abhishek},
  journal={arXiv preprint arXiv:2304.05219},
  year={2023}
}



